Trade_Time,Price_USD,Volume_BTC,Symbol
2025-09-30 00:10:34.012,114331.4,0.223,BTCUSDT
2025-09-30 00:10:34.012,114331.4,0.001,BTCUSDT
2025-09-30 00:10:34.012,114331.4,0.001,BTCUSDT
2025-09-30 00:10:34.012,114331.4,0.001,BTCUSDT
2025-09-30 00:10:34.012,114331.4,0.19,BTCUSDT
2025-09-30 00:10:34.012,114331.4,0.031,BTCUSDT
2025-09-30 00:10:34.012,114331.4,0.001,BTCUSDT
2025-09-30 00:10:34.012,114331.4,0.007,BTCUSDT
2025-09-30 00:10:34.012,114331.4,0.003,BTCUSDT
2025-09-30 00:10:34.012,114331.4,0.008,BTCUSDT
2025-09-30 00:10:34.012,114331.4,0.134,BTCUSDT
2025-09-30 00:10:34.091,114331.4,0.03,BTCUSDT
2025-09-30 00:10:34.172,114331.3,0.001,BTCUSDT
2025-09-30 00:10:34.276,114331.3,0.046,BTCUSDT
2025-09-30 00:10:34.308,114331.3,0.001,BTCUSDT
2025-09-30 00:10:34.558,114331.4,0.021,BTCUSDT
2025-09-30 00:10:34.622,114331.4,0.087,BTCUSDT
2025-09-30 00:10:34.633,114331.4,0.174,BTCUSDT
2025-09-30 00:10:34.948,114331.3,0.003,BTCUSDT
2025-09-30 00:10:35.178,114331.4,0.061,BTCUSDT
2025-09-30 00:10:35.276,114331.3,0.046,BTCUSDT
2025-09-30 00:10:35.317,114331.4,0.015,BTCUSDT
2025-09-30 00:10:35.338,114331.3,0.001,BTCUSDT
2025-09-30 00:10:35.706,114331.3,0.001,BTCUSDT
2025-09-30 00:10:36.029,114331.4,0.001,BTCUSDT
2025-09-30 00:10:36.084,114331.3,0.005,BTCUSDT
2025-09-30 00:10:36.123,114331.4,0.001,BTCUSDT
2025-09-30 00:10:36.265,114331.3,0.047,BTCUSDT
2025-09-30 00:10:36.465,114331.4,0.126,BTCUSDT
2025-09-30 00:10:36.502,114331.4,0.001,BTCUSDT
2025-09-30 00:10:36.565,114331.4,0.077,BTCUSDT
2025-09-30 00:10:36.565,114331.4,0.087,BTCUSDT
2025-09-30 00:10:36.565,114331.4,0.012,BTCUSDT
2025-09-30 00:10:36.565,114331.4,0.031,BTCUSDT
2025-09-30 00:10:36.565,114331.4,0.006,BTCUSDT
2025-09-30 00:10:36.565,114331.4,0.009,BTCUSDT
2025-09-30 00:10:36.565,114331.4,0.001,BTCUSDT
2025-09-30 00:10:36.565,114331.4,0.003,BTCUSDT
2025-09-30 00:10:36.565,114331.4,0.006,BTCUSDT
2025-09-30 00:10:36.565,114331.4,0.002,BTCUSDT
2025-09-30 00:10:36.565,114331.4,0.002,BTCUSDT
2025-09-30 00:10:36.565,114331.4,0.004,BTCUSDT
2025-09-30 00:10:36.565,114331.4,0.004,BTCUSDT
2025-09-30 00:10:36.565,114331.5,0.001,BTCUSDT
2025-09-30 00:10:36.565,114331.5,0.002,BTCUSDT
2025-09-30 00:10:36.565,114331.5,0.001,BTCUSDT
2025-09-30 00:10:36.565,114331.5,0.001,BTCUSDT
2025-09-30 00:10:36.565,114331.6,0.027,BTCUSDT
2025-09-30 00:10:36.565,114331.6,0.022,BTCUSDT
2025-09-30 00:10:36.565,114331.6,0.298,BTCUSDT
2025-09-30 00:10:36.568,114331.8,0.001,BTCUSDT
2025-09-30 00:10:36.568,114331.9,0.003,BTCUSDT
2025-09-30 00:10:36.568,114332.0,0.001,BTCUSDT
2025-09-30 00:10:36.568,114332.0,0.001,BTCUSDT
2025-09-30 00:10:36.568,114332.0,0.009,BTCUSDT
2025-09-30 00:10:36.568,114332.1,0.002,BTCUSDT
2025-09-30 00:10:36.570,114332.4,0.008,BTCUSDT
2025-09-30 00:10:36.570,114332.4,0.008,BTCUSDT
2025-09-30 00:10:36.570,114332.4,0.008,BTCUSDT
2025-09-30 00:10:36.570,114332.4,0.008,BTCUSDT
2025-09-30 00:10:36.571,114332.4,0.008,BTCUSDT
2025-09-30 00:10:36.571,114332.4,0.008,BTCUSDT
2025-09-30 00:10:36.571,114332.4,0.004,BTCUSDT
2025-09-30 00:10:36.572,114332.4,0.004,BTCUSDT
2025-09-30 00:10:36.572,114332.4,0.008,BTCUSDT
2025-09-30 00:10:36.572,114332.4,0.008,BTCUSDT
2025-09-30 00:10:36.572,114332.4,0.004,BTCUSDT
2025-09-30 00:10:36.676,114332.4,0.03,BTCUSDT
2025-09-30 00:10:36.676,114332.4,0.031,BTCUSDT
2025-09-30 00:10:36.676,114332.4,0.056,BTCUSDT
2025-09-30 00:10:36.676,114332.4,0.002,BTCUSDT
2025-09-30 00:10:36.676,114332.5,0.001,BTCUSDT
2025-09-30 00:10:36.676,114332.5,0.001,BTCUSDT
2025-09-30 00:10:36.676,114332.7,0.002,BTCUSDT
2025-09-30 00:10:36.676,114332.9,0.002,BTCUSDT
2025-09-30 00:10:36.676,114333.0,0.04,BTCUSDT
2025-09-30 00:10:36.676,114333.0,0.012,BTCUSDT
2025-09-30 00:10:36.676,114333.2,0.027,BTCUSDT
2025-09-30 00:10:36.676,114333.3,0.001,BTCUSDT
2025-09-30 00:10:36.677,114333.3,0.061,BTCUSDT
2025-09-30 00:10:36.677,114333.3,0.001,BTCUSDT
2025-09-30 00:10:36.677,114333.3,0.001,BTCUSDT
2025-09-30 00:10:36.677,114333.3,0.001,BTCUSDT
2025-09-30 00:10:36.677,114333.3,0.002,BTCUSDT
2025-09-30 00:10:36.677,114333.3,0.001,BTCUSDT
2025-09-30 00:10:36.677,114333.3,0.002,BTCUSDT
2025-09-30 00:10:36.677,114333.9,0.002,BTCUSDT
2025-09-30 00:10:36.677,114334.2,0.001,BTCUSDT
2025-09-30 00:10:36.677,114334.2,0.007,BTCUSDT
2025-09-30 00:10:36.677,114334.3,0.003,BTCUSDT
2025-09-30 00:10:36.677,114334.5,0.002,BTCUSDT
2025-09-30 00:10:36.677,114334.6,0.037,BTCUSDT
2025-09-30 00:10:36.677,114334.6,0.006,BTCUSDT
2025-09-30 00:10:36.677,114334.9,0.001,BTCUSDT
2025-09-30 00:10:36.677,114335.0,0.001,BTCUSDT
2025-09-30 00:10:36.677,114335.1,0.001,BTCUSDT
2025-09-30 00:10:36.677,114335.1,0.002,BTCUSDT
2025-09-30 00:10:36.677,114335.6,0.003,BTCUSDT
2025-09-30 00:10:36.677,114335.7,0.002,BTCUSDT
2025-09-30 00:10:36.677,114335.8,0.003,BTCUSDT
2025-09-30 00:10:36.677,114336.0,0.003,BTCUSDT
2025-09-30 00:10:36.677,114336.1,0.002,BTCUSDT
2025-09-30 00:10:36.679,114336.2,0.003,BTCUSDT
2025-09-30 00:10:36.679,114336.2,0.001,BTCUSDT
2025-09-30 00:10:36.725,114336.3,0.002,BTCUSDT
2025-09-30 00:10:36.725,114336.3,0.003,BTCUSDT
2025-09-30 00:10:36.846,114336.3,0.005,BTCUSDT
2025-09-30 00:10:36.940,114336.3,0.002,BTCUSDT
2025-09-30 00:10:36.965,114336.2,0.002,BTCUSDT
2025-09-30 00:10:37.031,114336.3,0.2,BTCUSDT
2025-09-30 00:10:37.031,114336.3,0.045,BTCUSDT
2025-09-30 00:10:37.098,114336.3,0.001,BTCUSDT
2025-09-30 00:10:37.279,114336.2,0.047,BTCUSDT
2025-09-30 00:10:37.345,114336.2,0.08,BTCUSDT
2025-09-30 00:10:37.589,114336.3,0.001,BTCUSDT
2025-09-30 00:10:37.598,114336.2,0.001,BTCUSDT
2025-09-30 00:10:37.600,114336.3,0.019,BTCUSDT
2025-09-30 00:10:37.601,114336.3,0.001,BTCUSDT
2025-09-30 00:10:38.215,114336.2,0.047,BTCUSDT
2025-09-30 00:10:38.280,114336.3,0.001,BTCUSDT
2025-09-30 00:10:38.280,114336.3,0.001,BTCUSDT
2025-09-30 00:10:38.280,114336.3,0.001,BTCUSDT
2025-09-30 00:10:38.280,114336.3,0.031,BTCUSDT
2025-09-30 00:10:38.280,114336.3,0.067,BTCUSDT
2025-09-30 00:10:38.280,114336.3,0.012,BTCUSDT
2025-09-30 00:10:38.280,114336.3,0.002,BTCUSDT
2025-09-30 00:10:38.320,114336.2,0.001,BTCUSDT
2025-09-30 00:10:38.928,114336.3,0.001,BTCUSDT
2025-09-30 00:10:38.928,114336.3,0.001,BTCUSDT
2025-09-30 00:10:38.928,114336.3,0.003,BTCUSDT
2025-09-30 00:10:38.928,114336.3,0.007,BTCUSDT
2025-09-30 00:10:38.928,114336.3,0.009,BTCUSDT
2025-09-30 00:10:38.928,114336.3,0.001,BTCUSDT
2025-09-30 00:10:38.928,114336.3,0.078,BTCUSDT
2025-09-30 00:10:39.284,114336.2,0.047,BTCUSDT
2025-09-30 00:10:39.624,114336.3,0.005,BTCUSDT
2025-09-30 00:10:39.629,114336.3,0.016,BTCUSDT
2025-09-30 00:10:39.733,114336.2,0.212,BTCUSDT
2025-09-30 00:10:39.790,114336.3,0.018,BTCUSDT
2025-09-30 00:10:39.991,114336.3,0.472,BTCUSDT
2025-09-30 00:10:40.035,114336.3,0.087,BTCUSDT
2025-09-30 00:10:40.092,114336.2,0.003,BTCUSDT
2025-09-30 00:10:40.099,114336.3,0.047,BTCUSDT
2025-09-30 00:10:40.099,114336.3,0.096,BTCUSDT
2025-09-30 00:10:40.105,114336.3,0.087,BTCUSDT
2025-09-30 00:10:40.105,114336.3,0.027,BTCUSDT
2025-09-30 00:10:40.105,114336.3,0.022,BTCUSDT
2025-09-30 00:10:40.105,114336.3,0.031,BTCUSDT
2025-09-30 00:10:40.105,114336.3,0.002,BTCUSDT
2025-09-30 00:10:40.105,114336.3,0.003,BTCUSDT
2025-09-30 00:10:40.105,114336.3,0.006,BTCUSDT
2025-09-30 00:10:40.105,114336.3,0.004,BTCUSDT
2025-09-30 00:10:40.105,114336.3,0.004,BTCUSDT
2025-09-30 00:10:40.105,114336.3,0.003,BTCUSDT
2025-09-30 00:10:40.105,114336.3,0.002,BTCUSDT
2025-09-30 00:10:40.105,114336.4,0.001,BTCUSDT
2025-09-30 00:10:40.105,114336.4,0.001,BTCUSDT
2025-09-30 00:10:40.105,114336.4,0.004,BTCUSDT
2025-09-30 00:10:40.105,114336.5,0.03,BTCUSDT
2025-09-30 00:10:40.105,114336.5,0.002,BTCUSDT
2025-09-30 00:10:40.105,114336.6,0.001,BTCUSDT
2025-09-30 00:10:40.105,114336.6,0.002,BTCUSDT
2025-09-30 00:10:40.105,114336.8,0.096,BTCUSDT
2025-09-30 00:10:40.105,114336.8,0.001,BTCUSDT
2025-09-30 00:10:40.105,114336.9,0.002,BTCUSDT
2025-09-30 00:10:40.108,114337.0,0.029,BTCUSDT
2025-09-30 00:10:40.108,114337.0,0.001,BTCUSDT
2025-09-30 00:10:40.111,114337.0,0.034,BTCUSDT
2025-09-30 00:10:40.168,114337.0,0.001,BTCUSDT
2025-09-30 00:10:40.168,114337.0,0.031,BTCUSDT
2025-09-30 00:10:40.168,114337.0,0.001,BTCUSDT
2025-09-30 00:10:40.168,114337.0,0.001,BTCUSDT
2025-09-30 00:10:40.168,114337.0,0.044,BTCUSDT
2025-09-30 00:10:40.168,114337.0,0.002,BTCUSDT
2025-09-30 00:10:40.168,114337.0,0.003,BTCUSDT
2025-09-30 00:10:40.168,114337.0,0.007,BTCUSDT
2025-09-30 00:10:40.168,114337.1,0.001,BTCUSDT
2025-09-30 00:10:40.168,114337.1,0.001,BTCUSDT
2025-09-30 00:10:40.168,114337.1,0.001,BTCUSDT
2025-09-30 00:10:40.168,114337.5,0.002,BTCUSDT
2025-09-30 00:10:40.168,114337.6,0.001,BTCUSDT
2025-09-30 00:10:40.168,114337.8,0.002,BTCUSDT
2025-09-30 00:10:40.168,114338.1,0.002,BTCUSDT
2025-09-30 00:10:40.168,114338.2,0.001,BTCUSDT
2025-09-30 00:10:40.168,114338.4,0.001,BTCUSDT
2025-09-30 00:10:40.168,114338.7,0.002,BTCUSDT
2025-09-30 00:10:40.171,114338.8,0.002,BTCUSDT
2025-09-30 00:10:40.171,114338.9,0.002,BTCUSDT
2025-09-30 00:10:40.176,114339.2,0.02,BTCUSDT
2025-09-30 00:10:40.176,114339.2,0.001,BTCUSDT
2025-09-30 00:10:40.176,114339.2,0.017,BTCUSDT
2025-09-30 00:10:40.185,114339.1,0.001,BTCUSDT
2025-09-30 00:10:40.273,114339.2,0.012,BTCUSDT
2025-09-30 00:10:40.325,114339.1,0.035,BTCUSDT
2025-09-30 00:10:40.325,114339.1,0.001,BTCUSDT
2025-09-30 00:10:40.325,114339.1,0.001,BTCUSDT
2025-09-30 00:10:40.325,114339.1,0.01,BTCUSDT
2025-09-30 00:10:40.328,114339.1,0.001,BTCUSDT
2025-09-30 00:10:40.376,114339.2,0.001,BTCUSDT
2025-09-30 00:10:40.460,114339.2,0.173,BTCUSDT
2025-09-30 00:10:40.475,114339.2,0.001,BTCUSDT
2025-09-30 00:10:40.475,114339.2,0.001,BTCUSDT
2025-09-30 00:10:40.475,114339.2,0.031,BTCUSDT
2025-09-30 00:10:40.475,114339.2,0.001,BTCUSDT
2025-09-30 00:10:40.475,114339.2,0.002,BTCUSDT
2025-09-30 00:10:40.475,114339.2,0.007,BTCUSDT
2025-09-30 00:10:40.475,114339.2,0.006,BTCUSDT
2025-09-30 00:10:40.475,114339.2,0.027,BTCUSDT
2025-09-30 00:10:40.475,114339.2,0.004,BTCUSDT
2025-09-30 00:10:40.475,114339.2,0.004,BTCUSDT
2025-09-30 00:10:40.475,114339.2,0.001,BTCUSDT
2025-09-30 00:10:40.475,114339.2,0.001,BTCUSDT
2025-09-30 00:10:40.475,114339.2,0.001,BTCUSDT
2025-09-30 00:10:40.475,114339.2,0.002,BTCUSDT
2025-09-30 00:10:40.475,114339.2,0.002,BTCUSDT
2025-09-30 00:10:40.475,114339.2,0.003,BTCUSDT
2025-09-30 00:10:40.475,114339.2,0.001,BTCUSDT
2025-09-30 00:10:40.475,114339.3,0.001,BTCUSDT
2025-09-30 00:10:40.475,114339.3,0.002,BTCUSDT
2025-09-30 00:10:40.475,114339.3,0.001,BTCUSDT
2025-09-30 00:10:40.475,114339.3,0.001,BTCUSDT
2025-09-30 00:10:40.475,114339.3,0.001,BTCUSDT
2025-09-30 00:10:40.475,114339.6,0.001,BTCUSDT
2025-09-30 00:10:40.475,114339.8,0.002,BTCUSDT
2025-09-30 00:10:40.476,114339.8,0.025,BTCUSDT
2025-09-30 00:10:40.476,114339.9,0.002,BTCUSDT
2025-09-30 00:10:40.542,114339.9,0.007,BTCUSDT
2025-09-30 00:10:40.570,114339.9,0.001,BTCUSDT
2025-09-30 00:10:40.870,114340.0,0.001,BTCUSDT
2025-09-30 00:10:40.870,114340.0,0.002,BTCUSDT
2025-09-30 00:10:40.973,114340.0,0.001,BTCUSDT
2025-09-30 00:10:40.973,114340.0,0.001,BTCUSDT
2025-09-30 00:10:40.973,114340.0,0.111,BTCUSDT
2025-09-30 00:10:40.973,114340.0,0.001,BTCUSDT
2025-09-30 00:10:40.973,114340.0,0.001,BTCUSDT
2025-09-30 00:10:40.973,114340.0,0.001,BTCUSDT
2025-09-30 00:10:40.973,114340.0,0.001,BTCUSDT
2025-09-30 00:10:40.973,114340.0,0.031,BTCUSDT
2025-09-30 00:10:40.973,114340.0,0.026,BTCUSDT
2025-09-30 00:10:40.973,114340.0,0.005,BTCUSDT
2025-09-30 00:10:40.973,114340.0,0.083,BTCUSDT
2025-09-30 00:10:41.047,114339.9,0.305,BTCUSDT
2025-09-30 00:10:41.059,114340.0,0.002,BTCUSDT
2025-09-30 00:10:41.105,114340.0,0.001,BTCUSDT
2025-09-30 00:10:41.416,114339.9,0.047,BTCUSDT
2025-09-30 00:10:41.538,114340.0,0.4,BTCUSDT
2025-09-30 00:10:41.812,114339.9,0.001,BTCUSDT
2025-09-30 00:10:41.828,114339.9,0.005,BTCUSDT
2025-09-30 00:10:41.860,114340.0,0.002,BTCUSDT
2025-09-30 00:10:41.887,114340.0,0.05,BTCUSDT
2025-09-30 00:10:41.986,114340.0,0.118,BTCUSDT
2025-09-30 00:10:42.083,114339.9,0.089,BTCUSDT
2025-09-30 00:10:42.199,114339.9,0.015,BTCUSDT
2025-09-30 00:10:42.287,114340.0,0.02,BTCUSDT
2025-09-30 00:10:42.364,114340.0,0.002,BTCUSDT
2025-09-30 00:10:42.422,114339.9,0.047,BTCUSDT
2025-09-30 00:10:42.680,114340.0,0.005,BTCUSDT
2025-09-30 00:10:42.818,114340.0,0.014,BTCUSDT
2025-09-30 00:10:42.818,114340.0,0.027,BTCUSDT
2025-09-30 00:10:42.818,114340.0,0.001,BTCUSDT
2025-09-30 00:10:42.818,114340.0,0.031,BTCUSDT
2025-09-30 00:10:42.818,114340.0,0.003,BTCUSDT
2025-09-30 00:10:42.818,114340.0,0.011,BTCUSDT
2025-09-30 00:10:42.860,114340.0,0.001,BTCUSDT
2025-09-30 00:10:42.860,114340.0,0.001,BTCUSDT
2025-09-30 00:10:43.282,114340.0,0.002,BTCUSDT
2025-09-30 00:10:43.282,114340.0,0.004,BTCUSDT
2025-09-30 00:10:43.282,114340.0,0.004,BTCUSDT
2025-09-30 00:10:43.282,114340.0,0.007,BTCUSDT
2025-09-30 00:10:43.282,114340.0,0.001,BTCUSDT
2025-09-30 00:10:43.282,114340.0,0.002,BTCUSDT
2025-09-30 00:10:43.356,114339.9,0.013,BTCUSDT
2025-09-30 00:10:43.375,114340.0,0.002,BTCUSDT
2025-09-30 00:10:43.478,114340.0,0.027,BTCUSDT
2025-09-30 00:10:43.478,114340.0,0.001,BTCUSDT
2025-09-30 00:10:43.527,114339.9,0.048,BTCUSDT
2025-09-30 00:10:43.647,114339.9,0.005,BTCUSDT
2025-09-30 00:10:43.829,114340.0,0.007,BTCUSDT
2025-09-30 00:10:44.015,114339.9,0.17,BTCUSDT
2025-09-30 00:10:44.015,114339.9,0.001,BTCUSDT
2025-09-30 00:10:44.015,114339.9,0.039,BTCUSDT
2025-09-30 00:10:44.079,114340.0,0.02,BTCUSDT
2025-09-30 00:10:44.079,114340.0,0.001,BTCUSDT
2025-09-30 00:10:44.079,114340.0,0.006,BTCUSDT
2025-09-30 00:10:44.079,114340.0,0.001,BTCUSDT
2025-09-30 00:10:44.079,114340.0,0.002,BTCUSDT
2025-09-30 00:10:44.079,114340.0,0.004,BTCUSDT
2025-09-30 00:10:44.079,114340.0,0.004,BTCUSDT
2025-09-30 00:10:44.079,114340.0,0.107,BTCUSDT
2025-09-30 00:10:44.226,114340.0,0.138,BTCUSDT
2025-09-30 00:10:44.440,114339.9,0.048,BTCUSDT
2025-09-30 00:10:44.519,114340.0,0.014,BTCUSDT
2025-09-30 00:10:44.558,114340.0,0.028,BTCUSDT
2025-09-30 00:10:45.263,114340.0,0.002,BTCUSDT
2025-09-30 00:10:45.314,114340.0,0.423,BTCUSDT
2025-09-30 00:10:45.314,114340.0,0.002,BTCUSDT
2025-09-30 00:10:45.314,114340.0,0.027,BTCUSDT
2025-09-30 00:10:45.314,114340.0,0.002,BTCUSDT
2025-09-30 00:10:45.314,114340.0,0.087,BTCUSDT
2025-09-30 00:10:45.314,114340.0,0.001,BTCUSDT
2025-09-30 00:10:45.314,114340.0,0.002,BTCUSDT
2025-09-30 00:10:45.314,114340.0,0.027,BTCUSDT
2025-09-30 00:10:45.314,114340.0,0.125,BTCUSDT
2025-09-30 00:10:45.314,114340.0,0.218,BTCUSDT
2025-09-30 00:10:45.314,114340.0,0.385,BTCUSDT
2025-09-30 00:10:45.462,114339.9,0.048,BTCUSDT
2025-09-30 00:10:45.538,114340.0,0.005,BTCUSDT
2025-09-30 00:10:45.538,114340.0,0.006,BTCUSDT
2025-09-30 00:10:45.538,114340.0,0.004,BTCUSDT
2025-09-30 00:10:45.538,114340.0,0.004,BTCUSDT
2025-09-30 00:10:45.538,114340.0,0.001,BTCUSDT
2025-09-30 00:10:45.538,114340.0,0.001,BTCUSDT
2025-09-30 00:10:45.538,114340.0,0.002,BTCUSDT
2025-09-30 00:10:45.538,114340.0,0.027,BTCUSDT
2025-09-30 00:10:45.538,114340.0,0.001,BTCUSDT
2025-09-30 00:10:45.538,114340.0,0.002,BTCUSDT
2025-09-30 00:10:45.538,114340.0,0.002,BTCUSDT
2025-09-30 00:10:45.538,114340.0,0.027,BTCUSDT
2025-09-30 00:10:45.538,114340.0,0.018,BTCUSDT
2025-09-30 00:10:45.547,114339.9,0.026,BTCUSDT
2025-09-30 00:10:45.599,114340.0,0.001,BTCUSDT
2025-09-30 00:10:45.617,114339.9,0.001,BTCUSDT
2025-09-30 00:10:45.621,114340.0,0.1,BTCUSDT
2025-09-30 00:10:45.866,114340.0,0.076,BTCUSDT
2025-09-30 00:10:46.248,114339.9,0.01,BTCUSDT
2025-09-30 00:10:46.307,114340.0,0.009,BTCUSDT
2025-09-30 00:10:46.343,114339.9,0.001,BTCUSDT
2025-09-30 00:10:46.538,114339.9,0.048,BTCUSDT
2025-09-30 00:10:46.611,114340.0,0.004,BTCUSDT
2025-09-30 00:10:46.865,114340.0,0.003,BTCUSDT
2025-09-30 00:10:46.874,114340.0,0.078,BTCUSDT
2025-09-30 00:10:46.879,114340.0,0.008,BTCUSDT
2025-09-30 00:10:46.979,114340.0,0.002,BTCUSDT
2025-09-30 00:10:47.214,114340.0,0.003,BTCUSDT
2025-09-30 00:10:47.254,114340.0,0.013,BTCUSDT
2025-09-30 00:10:47.254,114340.0,0.003,BTCUSDT
2025-09-30 00:10:47.254,114340.0,0.102,BTCUSDT
2025-09-30 00:10:47.281,114340.0,0.245,BTCUSDT
2025-09-30 00:10:47.281,114340.0,0.025,BTCUSDT
2025-09-30 00:10:47.281,114340.0,0.002,BTCUSDT
2025-09-30 00:10:47.281,114340.0,0.002,BTCUSDT
2025-09-30 00:10:47.281,114340.0,0.001,BTCUSDT
2025-09-30 00:10:47.281,114340.0,0.002,BTCUSDT
2025-09-30 00:10:47.281,114340.0,0.027,BTCUSDT
2025-09-30 00:10:47.281,114340.0,0.381,BTCUSDT
2025-09-30 00:10:47.542,114339.9,0.048,BTCUSDT
2025-09-30 00:10:47.683,114340.0,0.002,BTCUSDT
2025-09-30 00:10:47.757,114339.9,0.001,BTCUSDT
2025-09-30 00:10:48.080,114340.0,0.199,BTCUSDT
2025-09-30 00:10:48.118,114340.0,0.041,BTCUSDT
2025-09-30 00:10:48.118,114340.0,0.221,BTCUSDT
2025-09-30 00:10:48.290,114339.9,0.377,BTCUSDT
2025-09-30 00:10:48.290,114339.9,0.376,BTCUSDT
2025-09-30 00:10:48.290,114339.9,0.647,BTCUSDT
